@article{sse,
  author          = {ss},
  journal         = {},
  number          = {},
  title           = {},
  volume          = {},
  year            = {}
}